<record><leader>00000cas a22000007a 4500</leader><controlfield tag="001">14956865</controlfield><controlfield tag="008">861211d192419uumnuwr ne      0    0ger d</controlfield><datafield ind1=" " ind2=" " tag="010"><subfield code="a">sn 86086899 </subfield></datafield><datafield ind1=" " ind2=" " tag="040"><subfield code="a">NPV</subfield><subfield code="b">eng</subfield><subfield code="c">NPV</subfield><subfield code="d">OCLCQ</subfield></datafield><datafield ind1=" " ind2=" " tag="042"><subfield code="a">msc</subfield></datafield><datafield ind1="0" ind2=" " tag="130"><subfield code="a">America-Herold (Wausau ed. : 1924)</subfield></datafield><datafield ind1="1" ind2="0" tag="245"><subfield code="a">America-Herold.</subfield></datafield><datafield ind1="1" ind2="3" tag="246"><subfield code="a">Wausau America-Herold</subfield></datafield><datafield ind1=" " ind2=" " tag="250"><subfield code="a">Wausau ed.</subfield></datafield><datafield ind1=" " ind2=" " tag="260"><subfield code="a">Winona, Minn. :</subfield><subfield code="b">National Weeklies,</subfield><subfield code="c">1924-</subfield></datafield><datafield ind1=" " ind2=" " tag="300"><subfield code="a">v.</subfield></datafield><datafield ind1=" " ind2=" " tag="310"><subfield code="a">Weekly</subfield></datafield><datafield ind1="0" ind2=" " tag="362"><subfield code="a">Jahrg. 52, no. 34 (4 Dez., 1924)-</subfield></datafield><datafield ind1=" " ind2=" " tag="500"><subfield code="a">"Consolidation of the "Milwaukee America" and "Westlicher Herold."</subfield></datafield><datafield ind1=" " ind2=" " tag="752"><subfield code="a">United States</subfield><subfield code="b">Wisconsin</subfield><subfield code="c">Marathon</subfield><subfield code="d">Wausau.</subfield></datafield><datafield ind1=" " ind2=" " tag="752"><subfield code="a">United States</subfield><subfield code="b">Minnesota</subfield><subfield code="c">Winona</subfield><subfield code="d">Winona.</subfield></datafield></record>